<record><leader>00000cas a2200000 a 4500</leader><controlfield tag="001">13032554</controlfield><controlfield tag="008">860117d18721923lauwr ne      0   b0fre c</controlfield><datafield ind1=" " ind2=" " tag="010"><subfield code="a">sn 86079022 </subfield></datafield><datafield ind1=" " ind2=" " tag="040"><subfield code="a">NPU</subfield><subfield code="b">eng</subfield><subfield code="c">NPU</subfield><subfield code="d">NPA</subfield><subfield code="d">NPX</subfield><subfield code="d">DLC</subfield><subfield code="d">LNP</subfield><subfield code="d">NPA</subfield><subfield code="d">LNP</subfield><subfield code="d">OCL</subfield><subfield code="d">MFN</subfield><subfield code="d">NSD</subfield><subfield code="d">NVF</subfield><subfield code="d">LNP</subfield><subfield code="d">OCLCQ</subfield><subfield code="d">NVF</subfield><subfield code="d">OCLCF</subfield><subfield code="d">OCLCO</subfield><subfield code="d">OCL</subfield></datafield><datafield ind1=" " ind2=" " tag="012"><subfield code="b">3</subfield></datafield><datafield ind1=" " ind2=" " tag="019"><subfield code="a">13991990</subfield></datafield><datafield ind1="0" ind2=" " tag="022"><subfield code="a">1054-9978</subfield><subfield code="l">1054-9978</subfield><subfield code="2">1</subfield></datafield><datafield ind1=" " ind2=" " tag="042"><subfield code="a">pcc</subfield><subfield code="a">nsdp</subfield></datafield><datafield ind1=" " ind2=" " tag="043"><subfield code="a">n-us-la</subfield></datafield><datafield ind1=" " ind2="4" tag="050"><subfield code="a">AN39.N4</subfield><subfield code="b">A2</subfield></datafield><datafield ind1="1" ind2="0" tag="082"><subfield code="a">071</subfield><subfield code="2">12</subfield></datafield><datafield ind1="0" ind2=" " tag="130"><subfield code="a">Abeille de la Nouvelle-Orle&#769;ans (New Orleans, La. : 1872 : Weekly)</subfield></datafield><datafield ind1="0" ind2=" " tag="210"><subfield code="a">Abeille Nouv.-Orle&#769;ans</subfield><subfield code="b">(E&#769;d. hebd.)</subfield></datafield><datafield ind1=" " ind2="2" tag="222"><subfield code="a">L'Abeille de la Nouvelle-Orle&#769;ans</subfield><subfield code="b">(E&#769;d. hebdomadaire)</subfield></datafield><datafield ind1="1" ind2="2" tag="245"><subfield code="a">L'Abeille de la Nouvelle-Orle&#769;ans.</subfield></datafield><datafield ind1="1" ind2=" " tag="246"><subfield code="i">Published Feb. 3-10, 1921 as:</subfield><subfield code="a">Abeille</subfield></datafield><datafield ind1=" " ind2=" " tag="250"><subfield code="a">E&#769;d. hebdomadaire.</subfield></datafield><datafield ind1=" " ind2=" " tag="260"><subfield code="a">Nouvelle-Orle&#769;ans, La. :</subfield><subfield code="b">[Dufour &amp; Limet],</subfield><subfield code="c">1872-1923.</subfield></datafield><datafield ind1=" " ind2=" " tag="300"><subfield code="a">v.</subfield></datafield><datafield ind1=" " ind2=" " tag="310"><subfield code="a">Weekly</subfield></datafield><datafield ind1="1" ind2=" " tag="362"><subfield code="a">Began in July 1872?</subfield></datafield><datafield ind1="0" ind2=" " tag="362"><subfield code="a">-97me anne&#769;e, no. 49 (27 dec. 1923).</subfield></datafield><datafield ind1=" " ind2=" " tag="530"><subfield code="a">Also on microfilm: Micro Photo Div., Bell &amp; Howell Co.</subfield></datafield><datafield ind1=" " ind2=" " tag="530"><subfield code="a">Also issued via the Internet, called: Jefferson Parish Library, Genealogy, New Orleans bee.</subfield></datafield><datafield ind1=" " ind2=" " tag="546"><subfield code="a">In French.</subfield></datafield><datafield ind1=" " ind2=" " tag="580"><subfield code="a">Daily ed.: Abeille de la Nouvelle-Orle&#769;ans (New Orleans, La. : 1872 : Daily), &lt;1873&gt;-1917.</subfield></datafield><datafield ind1=" " ind2=" " tag="588"><subfield code="a">Description based on: 29 mars 1873.</subfield></datafield><datafield ind1=" " ind2="0" tag="650"><subfield code="a">French newspapers</subfield><subfield code="z">Louisiana</subfield><subfield code="z">New Orleans.</subfield></datafield><datafield ind1=" " ind2="0" tag="651"><subfield code="a">New Orleans (La.)</subfield><subfield code="v">Newspapers.</subfield></datafield><datafield ind1=" " ind2="7" tag="650"><subfield code="a">French newspapers.</subfield><subfield code="2">fast</subfield><subfield code="0">(OCoLC)fst00934758</subfield></datafield><datafield ind1=" " ind2="7" tag="651"><subfield code="a">Louisiana</subfield><subfield code="z">New Orleans.</subfield><subfield code="2">fast</subfield><subfield code="0">(OCoLC)fst01204311</subfield></datafield><datafield ind1=" " ind2="7" tag="655"><subfield code="a">Newspapers.</subfield><subfield code="2">fast</subfield><subfield code="0">(OCoLC)fst01423814</subfield></datafield><datafield ind1=" " ind2=" " tag="752"><subfield code="a">United States</subfield><subfield code="b">Louisiana</subfield><subfield code="c">Orleans</subfield><subfield code="d">New Orleans.</subfield></datafield><datafield ind1="1" ind2=" " tag="775"><subfield code="t">Abeille de la Nouvelle-Orle&#769;ans (New Orleans, La. : 1872 : Daily)</subfield><subfield code="x">1054-996X</subfield><subfield code="w">(DLC)sn 85038563</subfield><subfield code="w">(OCoLC)12737799</subfield></datafield><datafield ind1="0" ind2="0" tag="780"><subfield code="t">New-Orleans bee, for the country</subfield><subfield code="w">(DLC)sn 86077202</subfield><subfield code="w">(OCoLC)13991189</subfield></datafield><datafield ind1="4" ind2="1" tag="856"><subfield code="z">Internet version:</subfield><subfield code="u">http://www.jefferson.lib.la.us/genealogy/NewOrleansBeeMain.htm</subfield></datafield><datafield ind1="1" ind2=" " tag="029"><subfield code="a">AU@</subfield><subfield code="b">000021316710</subfield></datafield></record>